<collection xmlns="http://www.loc.gov/MARC21/slim">
   <record>
      <leader>02710cam a2200361 i 45 0</leader>
      <controlfield tag="001">6774256</controlfield>
      <controlfield tag="005">20140714064734.0</controlfield>
      <controlfield tag="008">140630s2015    ctua     b    001 0 eng  </controlfield>
      <datafield ind1=" " ind2=" " tag="010">
         <subfield code="a">  2014025844</subfield>
      </datafield>
      <datafield ind1=" " ind2=" " tag="020">
         <subfield code="a">9780300197082 (alk. paper)</subfield>
      </datafield>
      <datafield ind1=" " ind2=" " tag="040">
         <subfield code="a">DNAL/DLC</subfield>
         <subfield code="b">eng</subfield>
         <subfield code="e">rda</subfield>
         <subfield code="c">DNAL</subfield>
         <subfield code="d">AOAC</subfield>
      </datafield>
      <datafield ind1=" " ind2=" " tag="042">
         <subfield code="a">pcc</subfield>
      </datafield>
      <datafield ind1=" " ind2=" " tag="043">
         <subfield code="a">n-us---</subfield>
      </datafield>
      <datafield ind1="0" ind2="0" tag="050">
         <subfield code="a">QL520.2.A1</subfield>
         <subfield code="b">D65 2015</subfield>
      </datafield>
      <datafield ind1="0" ind2=" " tag="070">
         <subfield code="a">QL520.2.A1</subfield>
         <subfield code="b">D64 2015</subfield>
      </datafield>
      <datafield ind1="0" ind2="0" tag="082">
         <subfield code="a">595.7/33168</subfield>
         <subfield code="2">23</subfield>
      </datafield>
      <datafield ind1=" " ind2=" " tag="090">
         <subfield code="a">QL 520.2 A1 D65 2015</subfield>
         <subfield code="b">AOAC</subfield>
      </datafield>
      <datafield ind1="1" ind2=" " tag="100">
         <subfield code="a">Dokkum, Pieter van,</subfield>
         <subfield code="d">1972-</subfield>
         <subfield code="0">http://id.loc.gov/authorities/names/no2014088996</subfield>
         <subfield code="0">http://viaf.org/viaf/291266944</subfield>
      </datafield>
      <datafield ind1="1" ind2="0" tag="245">
         <subfield code="a">Dragonflies :</subfield>
         <subfield code="b">magnificent creatures of water, air, and land /</subfield>
         <subfield code="c">Pieter van Dokkum.</subfield>
      </datafield>
      <datafield ind1=" " ind2="1" tag="264">
         <subfield code="a">New Haven :</subfield>
         <subfield code="b">Yale University Press,</subfield>
         <subfield code="c">2015.</subfield>
      </datafield>
      <datafield ind1=" " ind2=" " tag="300">
         <subfield code="a">175 pages :</subfield>
         <subfield code="b">color illustrations ;</subfield>
         <subfield code="c">20 cm.</subfield>
      </datafield>
      <datafield ind1=" " ind2=" " tag="336">
         <subfield code="a">text</subfield>
         <subfield code="2">rdacontent</subfield>
         <subfield code="0">http://id.loc.gov/vocabulary/contentTypes/txt</subfield>
      </datafield>
      <datafield ind1=" " ind2=" " tag="337">
         <subfield code="a">unmediated</subfield>
         <subfield code="2">rdamedia</subfield>
         <subfield code="0">http://id.loc.gov/vocabulary/mediaTypes/n</subfield>
      </datafield>
      <datafield ind1=" " ind2=" " tag="338">
         <subfield code="a">volume</subfield>
         <subfield code="2">rdacarrier</subfield>
         <subfield code="0">http://id.loc.gov/vocabulary/carriers/nc</subfield>
      </datafield>
      <datafield ind1=" " ind2=" " tag="504">
         <subfield code="a">Includes bibliographical references and index.</subfield>
      </datafield>
      <datafield ind1="0" ind2=" " tag="505">
         <subfield code="a">Beginnings -- An excellent design -- Dew-clad dragons -- Masters of flight -- Portraits -- Hunters -- The next generation -- Endings, new beginnings.</subfield>
      </datafield>
      <datafield ind1=" " ind2=" " tag="520">
         <subfield code="a">Almost without our noticing, dragonflies dart through our world, flying, seeing, hunting, mating. Their lives are as mysterious as their gossamer wings are beautiful. In this book Pieter van Dokkum reveals many of the dragonfly’s secrets, capturing the stages of this striking insect’s life cycle in unprecedented close-up photographs. He documents scenes of dragonfly activity seldom witnessed and rarely photographed. The book begins on a moonlit summer night, when an alien-looking larva crawls out of the water and transforms into a fully formed dragonfly. In the following chapters we witness dew-covered dragonflies sparkling in the morning sun, then a pair of mating dragonflies moving through the air in a twelve-legged, eight-winged dance. In the final chapter, one generation dies as the next prepares to leave the water and begin its own winged journey. Each stage is documented through van Dokkum’s inquisitive lens and accompanied by information on various species of dragonflies and damselflies, their metamorphosis, and their ecological importance as insect predators.</subfield>
      </datafield>
      <datafield ind1=" " ind2="0" tag="650">
         <subfield code="a">Dragonflies</subfield>
         <subfield code="z">United States.</subfield>
      </datafield>
      <datafield ind1=" " ind2="0" tag="650">
         <subfield code="a">Dragonflies</subfield>
         <subfield code="z">United States</subfield>
         <subfield code="v">Pictorial works.</subfield>
      </datafield>
      <datafield ind1=" " ind2=" " tag="596">
         <subfield code="a">33</subfield>
      </datafield>
      <datafield ind1=" " ind2=" " tag="758">
         <subfield code="0">http://worldcat.org/entity/work/id/24040797</subfield>
      </datafield>
      <datafield ind1="0" ind2=" " tag="787">
         <subfield code="n">OCLC Work Id</subfield>
         <subfield code="o">http://worldcat.org/entity/work/id/24040797</subfield>
      </datafield>
      <datafield ind1=" " ind2=" " tag="926">
         <subfield code="a">QL 520.2 A1 D65 2015</subfield>
         <subfield code="w">LC</subfield>
         <subfield code="c">1</subfield>
         <subfield code="i">0164000771364</subfield>
         <subfield code="l">ON_SHELF</subfield>
         <subfield code="m">OLDS</subfield>
         <subfield code="r">Y</subfield>
         <subfield code="s">Y</subfield>
         <subfield code="t">BOOK</subfield>
         <subfield code="u">1/12/2015</subfield>
      </datafield>
   </record>
</collection>
